<?xml version="1.0" encoding="UTF-8"?><collection xmlns="http://www.loc.gov/MARC21/slim"><record><leader>00520nam--2200193-i-4500</leader><controlfield tag="001">000023032</controlfield><controlfield tag="002">20161230</controlfield><controlfield tag="005">20161230201034</controlfield><controlfield tag="008">060222s1000------------r-----000-0-eng-d</controlfield><datafield ind1=" " ind2=" " tag="040"><subfield code="a">IFIN-HH</subfield></datafield><datafield ind1=" " ind2=" " tag="080"><subfield code="a">533.175(53.08)</subfield></datafield><datafield ind1="1" ind2=" " tag="100"><subfield code="a">Hickman, M.J</subfield></datafield><datafield ind1="1" ind2="0" tag="245"><subfield code="a">Measurement of humidity</subfield><subfield code="c">M.j. hickman</subfield></datafield><datafield ind1=" " ind2=" " tag="250"><subfield code="a">Fourth Edition</subfield></datafield><datafield ind1=" " ind2=" " tag="260"><subfield code="a">London</subfield><subfield code="b">Her Majesty`S Stationery Office</subfield><subfield code="c">1970</subfield></datafield><datafield ind1=" " ind2=" " tag="300"><subfield code="a">V + 33 P</subfield></datafield><datafield ind1=" " ind2=" " tag="490"><subfield code="a">Notes On Applied Science. No. 4</subfield></datafield><datafield ind1=" " ind2=" " tag="852"><subfield code="a">34114</subfield><subfield code="c">53.08</subfield></datafield><datafield ind1=" " ind2=" " tag="CAT"><subfield code="a">Sys</subfield><subfield code="c">20151028</subfield><subfield code="h">155640</subfield></datafield></record></collection>